<Document xmlns:xsi="http://www.w3.org/2001/XMLSchema-instance" xmlns="urn:iso:std:iso:20022:tech:xsd:pain.001.001.03"><CstmrCdtTrfInitn><GrpHdr><MsgId>160UPMSA20240227103644</MsgId><CreDtTm>2024-02-27T10:36:44</CreDtTm><NbOfTxs>5</NbOfTxs><CtrlSum>5.00</CtrlSum><InitgPty><Nm>UPM S.A.</Nm></InitgPty></GrpHdr><PmtInf><PmtInfId>160240227103644</PmtInfId><PmtMtd>TRF</PmtMtd><PmtTpInf><SvcLvl><Cd>NURG</Cd></SvcLvl></PmtTpInf><ReqdExctnDt>2024-03-03</ReqdExctnDt><Dbtr><Nm>UPM S.A.</Nm><PstlAdr><Ctry>UY</Ctry><AdrLine>SD</AdrLine></PstlAdr></Dbtr><DbtrAcct><Id><Othr><Id>0061470018</Id></Othr></Id></DbtrAcct><DbtrAgt><FinInstnId><BIC>CITIUYMM</BIC><PstlAdr><Ctry>UY</Ctry></PstlAdr></FinInstnId></DbtrAgt><CdtTrfTxInf><PmtId><EndToEndId>415900101240227</EndToEndId></PmtId><Amt><InstdAmt Ccy="UYU">1.00</InstdAmt></Amt><ChqInstr><PrtLctn>000</PrtLctn></ChqInstr><CdtrAgt><FinInstnId><ClrSysMmbId><MmbId>128</MmbId></ClrSysMmbId></FinInstnId></CdtrAgt><Cdtr><Nm>KAREN RODRIGUEZ</Nm><PstlAdr><Ctry>UY</Ctry><AdrLine>SD</AdrLine></PstlAdr><Id><PrvtId><Othr><Id>0047026946</Id><SchmeNm><Cd>TXID</Cd></SchmeNm></Othr></PrvtId></Id></Cdtr><CdtrAcct><Id><Othr><Id>3291221400</Id></Othr></Id><Tp><Cd>SVGS</Cd></Tp></CdtrAcct><InstrForDbtrAgt>/CONFIDENTIAL/</InstrForDbtrAgt><Purp><Prtry>08</Prtry></Purp><RmtInf><Ustrd>Penny Test UPM</Ustrd></RmtInf></CdtTrfTxInf></PmtInf><PmtInf><PmtInfId>160240227103644</PmtInfId><PmtMtd>TRF</PmtMtd><PmtTpInf><SvcLvl><Cd>NURG</Cd></SvcLvl></PmtTpInf><ReqdExctnDt>2024-03-03</ReqdExctnDt><Dbtr><Nm>UPM S.A.</Nm><PstlAdr><Ctry>UY</Ctry><AdrLine>SD</AdrLine></PstlAdr></Dbtr><DbtrAcct><Id><Othr><Id>0061470018</Id></Othr></Id></DbtrAcct><DbtrAgt><FinInstnId><BIC>CITIUYMM</BIC><PstlAdr><Ctry>UY</Ctry></PstlAdr></FinInstnId></DbtrAgt><CdtTrfTxInf><PmtId><EndToEndId>416858101240228</EndToEndId></PmtId><Amt><InstdAmt Ccy="UYU">1.00</InstdAmt></Amt><ChqInstr><PrtLctn>000</PrtLctn></ChqInstr><CdtrAgt><FinInstnId><ClrSysMmbId><MmbId>153</MmbId></ClrSysMmbId></FinInstnId></CdtrAgt><Cdtr><Nm>MARIA GARCIA</Nm><PstlAdr><Ctry>UY</Ctry><AdrLine>SD</AdrLine></PstlAdr><Id><PrvtId><Othr><Id>0048869094</Id><SchmeNm><Cd>TXID</Cd></SchmeNm></Othr></PrvtId></Id></Cdtr><CdtrAcct><Id><Othr><Id>24747327</Id></Othr></Id><Tp><Cd>SVGS</Cd></Tp></CdtrAcct><InstrForDbtrAgt>/CONFIDENTIAL/</InstrForDbtrAgt><Purp><Prtry>08</Prtry></Purp><RmtInf><Ustrd>Penny Test UPM</Ustrd></RmtInf></CdtTrfTxInf></PmtInf><PmtInf><PmtInfId>160240227103644</PmtInfId><PmtMtd>TRF</PmtMtd><PmtTpInf><SvcLvl><Cd>NURG</Cd></SvcLvl></PmtTpInf><ReqdExctnDt>2024-03-03</ReqdExctnDt><Dbtr><Nm>UPM S.A.</Nm><PstlAdr><Ctry>UY</Ctry><AdrLine>SD</AdrLine></PstlAdr></Dbtr><DbtrAcct><Id><Othr><Id>0061470018</Id></Othr></Id></DbtrAcct><DbtrAgt><FinInstnId><BIC>CITIUYMM</BIC><PstlAdr><Ctry>UY</Ctry></PstlAdr></FinInstnId></DbtrAgt><CdtTrfTxInf><PmtId><EndToEndId>744512101240229</EndToEndId></PmtId><Amt><InstdAmt Ccy="UYU">1.00</InstdAmt></Amt><ChqInstr><PrtLctn>000</PrtLctn></ChqInstr><CdtrAgt><FinInstnId><ClrSysMmbId><MmbId>113</MmbId></ClrSysMmbId></FinInstnId></CdtrAgt><Cdtr><Nm>GUILLERMO QUINCKE</Nm><PstlAdr><Ctry>UY</Ctry><AdrLine>SD</AdrLine></PstlAdr><Id><PrvtId><Othr><Id>0018979205</Id><SchmeNm><Cd>TXID</Cd></SchmeNm></Othr></PrvtId></Id></Cdtr><CdtrAcct><Id><Othr><Id>820131</Id></Othr></Id><Tp><Cd>SVGS</Cd></Tp></CdtrAcct><InstrForDbtrAgt>/CONFIDENTIAL/</InstrForDbtrAgt><Purp><Prtry>08</Prtry></Purp><RmtInf><Ustrd>Penny Test UPM</Ustrd></RmtInf></CdtTrfTxInf></PmtInf><PmtInf><PmtInfId>160240227103644</PmtInfId><PmtMtd>TRF</PmtMtd><PmtTpInf><SvcLvl><Cd>NURG</Cd></SvcLvl></PmtTpInf><ReqdExctnDt>2024-03-03</ReqdExctnDt><Dbtr><Nm>UPM S.A.</Nm><PstlAdr><Ctry>UY</Ctry><AdrLine>SD</AdrLine></PstlAdr></Dbtr><DbtrAcct><Id><Othr><Id>0061470018</Id></Othr></Id></DbtrAcct><DbtrAgt><FinInstnId><BIC>CITIUYMM</BIC><PstlAdr><Ctry>UY</Ctry></PstlAdr></FinInstnId></DbtrAgt><CdtTrfTxInf><PmtId><EndToEndId>744513101240301</EndToEndId></PmtId><Amt><InstdAmt Ccy="UYU">1.00</InstdAmt></Amt><ChqInstr><PrtLctn>000</PrtLctn></ChqInstr><CdtrAgt><FinInstnId><ClrSysMmbId><MmbId>137</MmbId></ClrSysMmbId></FinInstnId></CdtrAgt><Cdtr><Nm>GUILLERMO QUINCKE</Nm><PstlAdr><Ctry>UY</Ctry><AdrLine>SD</AdrLine></PstlAdr><Id><PrvtId><Othr><Id>0018979205</Id><SchmeNm><Cd>TXID</Cd></SchmeNm></Othr></PrvtId></Id></Cdtr><CdtrAcct><Id><Othr><Id>0070000001545574</Id></Othr></Id><Tp><Cd>SVGS</Cd></Tp></CdtrAcct><InstrForDbtrAgt>/CONFIDENTIAL/</InstrForDbtrAgt><Purp><Prtry>08</Prtry></Purp><RmtInf><Ustrd>Penny Test UPM</Ustrd></RmtInf></CdtTrfTxInf></PmtInf><PmtInf><PmtInfId>160240227103644</PmtInfId><PmtMtd>TRF</PmtMtd><PmtTpInf><SvcLvl><Cd>NURG</Cd></SvcLvl></PmtTpInf><ReqdExctnDt>2024-03-03</ReqdExctnDt><Dbtr><Nm>UPM S.A.</Nm><PstlAdr><Ctry>UY</Ctry><AdrLine>SD</AdrLine></PstlAdr></Dbtr><DbtrAcct><Id><Othr><Id>0061470018</Id></Othr></Id></DbtrAcct><DbtrAgt><FinInstnId><BIC>CITIUYMM</BIC><PstlAdr><Ctry>UY</Ctry></PstlAdr></FinInstnId></DbtrAgt><CdtTrfTxInf><PmtId><EndToEndId>417135101240302</EndToEndId></PmtId><Amt><InstdAmt Ccy="UYU">1.00</InstdAmt></Amt><ChqInstr><PrtLctn>000</PrtLctn></ChqInstr><CdtrAgt><FinInstnId><ClrSysMmbId><MmbId>001</MmbId></ClrSysMmbId></FinInstnId></CdtrAgt><Cdtr><Nm>MARIA BESOZZI</Nm><PstlAdr><Ctry>UY</Ctry><AdrLine>SD</AdrLine></PstlAdr><Id><PrvtId><Othr><Id>0040482836</Id><SchmeNm><Cd>TXID</Cd></SchmeNm></Othr></PrvtId></Id></Cdtr><CdtrAcct><Id><Othr><Id>00114055000002</Id></Othr></Id><Tp><Cd>SVGS</Cd></Tp></CdtrAcct><InstrForDbtrAgt>/CONFIDENTIAL/</InstrForDbtrAgt><Purp><Prtry>08</Prtry></Purp><RmtInf><Ustrd>Penny Test UPM</Ustrd></RmtInf></CdtTrfTxInf></PmtInf></CstmrCdtTrfInitn></Document>